<record><leader>00000cas a22000007a 4500</leader><controlfield tag="001">13664578</controlfield><controlfield tag="008">860530d19031904inuwr ne      0    0eng d</controlfield><datafield ind1=" " ind2=" " tag="010"><subfield code="a">sn 86058573 </subfield></datafield><datafield ind1=" " ind2=" " tag="040"><subfield code="a">NPI</subfield><subfield code="b">eng</subfield><subfield code="c">NPI</subfield><subfield code="d">OCLCQ</subfield><subfield code="d">IUL</subfield><subfield code="d">OCLCF</subfield></datafield><datafield ind1=" " ind2=" " tag="042"><subfield code="a">msc</subfield></datafield><datafield ind1=" " ind2=" " tag="043"><subfield code="a">n-us-in</subfield></datafield><datafield ind1="0" ind2="4" tag="245"><subfield code="a">The New Castle press.</subfield></datafield><datafield ind1=" " ind2=" " tag="260"><subfield code="a">New Castle, Ind. :</subfield><subfield code="b">New Castle Print Co.,</subfield><subfield code="c">1903-</subfield></datafield><datafield ind1=" " ind2=" " tag="300"><subfield code="a">v. :</subfield><subfield code="b">ill. (chiefly advertisements) ;</subfield><subfield code="c">55 cm.</subfield></datafield><datafield ind1=" " ind2=" " tag="310"><subfield code="a">Weekly</subfield></datafield><datafield ind1="0" ind2=" " tag="362"><subfield code="a">Sixth year, no. 21 (May 27, 1903)-</subfield></datafield><datafield ind1="1" ind2=" " tag="362"><subfield code="a">Ceased in Feb. 1904.</subfield><subfield code="z">Cf. Miller, John W. Indiana newspaper bibliog.</subfield></datafield><datafield ind1=" " ind2=" " tag="500"><subfield code="a">Republican.</subfield></datafield><datafield ind1=" " ind2=" " tag="515"><subfield code="a">Jan. 1904 issues are dated 1903.</subfield></datafield><datafield ind1=" " ind2=" " tag="580"><subfield code="a">Published also in a daily edition called: Daily press (New Castle, Ind. : 1903).</subfield></datafield><datafield ind1=" " ind2="0" tag="651"><subfield code="a">New Castle (Ind.)</subfield><subfield code="v">Newspapers.</subfield></datafield><datafield ind1=" " ind2="0" tag="651"><subfield code="a">Henry County (Ind.)</subfield><subfield code="v">Newspapers.</subfield></datafield><datafield ind1=" " ind2="7" tag="651"><subfield code="a">Indiana</subfield><subfield code="z">Henry County.</subfield><subfield code="2">fast</subfield><subfield code="0">(OCoLC)fst01209009</subfield></datafield><datafield ind1=" " ind2="7" tag="651"><subfield code="a">Indiana</subfield><subfield code="z">New Castle.</subfield><subfield code="2">fast</subfield><subfield code="0">(OCoLC)fst01236657</subfield></datafield><datafield ind1=" " ind2="7" tag="655"><subfield code="a">Newspapers.</subfield><subfield code="2">fast</subfield><subfield code="0">(OCoLC)fst01423814</subfield></datafield><datafield ind1=" " ind2=" " tag="752"><subfield code="a">United States</subfield><subfield code="b">Indiana</subfield><subfield code="c">Henry</subfield><subfield code="d">New Castle.</subfield></datafield><datafield ind1="1" ind2=" " tag="775"><subfield code="t">Daily press (New Castle, Ind. : 1903)</subfield><subfield code="w">(DLC)sn 86058576</subfield><subfield code="w">(OCoLC)13662932</subfield></datafield><datafield ind1="0" ind2="4" tag="780"><subfield code="t">Tuesday tribune</subfield><subfield code="w">(DLC)sn 86058571</subfield><subfield code="w">(OCoLC)13664649</subfield></datafield><datafield ind1="0" ind2="4" tag="780"><subfield code="t">Friday tribune</subfield><subfield code="w">(DLC)sn 86058572</subfield><subfield code="w">(OCoLC)13664656</subfield></datafield></record>